@misc{smtp,
  title = {Simple Mail Transfer Protocol},
  howpublished = {\url{https://app.elasticemail.com/api/}}
}

@misc{RMO,
    title = {Random Math Operators},
    howpublished = {\url{https://stackoverflow.com/questions/21227041/how-to-get-random-math-operator-for-a-quiz-qustion-in-javascript}}
}

@misc{CanCC,
    title = {Canvas Game Video, Chris Courses},
    howpublished = {\url{https://www.youtube.com/watch?v=C4_iRLlPNFc&t=14478s}}
}

@misc{MozJS,
    title = {JavaScript, Mozilla},
    howpublished = {\url{https://developer.mozilla.org/en-US/docs/Web/JavaScript}}
}

@misc{MozCS,
    title = {Client Side Storage, Mozilla},
    howpublished = {\url{https://developer.mozilla.org/en-US/docs/Learn/JavaScript/Client-side_web_APIs/Client-side_storage}}
}

@misc{AWS,
    title = {AWS Amplify},
    howpublished = {\url{https://aws.amazon.com/getting-started/hands-on/build-web-app-s3-lambda-api-gateway-dynamodb/}}
}
